

@misc{cloudDef,
title="Cloud computing",
author="Collectif",
publisher="Wikipedia.org",
howpublished="\url{http://fr.wikipedia.org/wiki/Cloud\_computing}",
month={Aout},
year={2014}
} 

@misc{PizzaasaService,
author={Fred Bals},
month={Aout},
year={2014},
title={{PIZZA AS A SERVICE - ON PREM, IAAS, PAAS AND SAAS EXPLAINED THROUGH PIE (NOT PI)}},
howpublished=\url{"http://www.ektron.com/Blogs/Fred-Bals/Pizza-as-a-Service---On-Prem,-IaaS,-PaaS-and-SaaS-Explained-through-Pie-(not-Pi)/"}
}

@misc{webServicesDef,
  author={w3schools.org},
  publisher={W3C},
  month={Aout},
  year={2001},
  title={{Introduction to web services}},
  howpublished=\url{"http://www.w3schools.com/webservices/ws_intro.asp"}
}

@booklet{enqueteCMSSmile,
	author={Vincent Maucorps},
	publisher={Smile Open Source Solutions},
	title={{Enquète CMS Open-Source: pénétration, usages et appréciations}},
	month={septembre},
	year={2013},
	type={Livre Blanc}
}

@phdthesis{theseStartup,
	author="Olivier Marty",
	year="2001",
	month="Septembre",
	school="Ecole Normale Supérieure",
	title={{La vie de start-up, Investir et s’investir dans une entreprise innovante}}

}

@misc{statEchecStartup,
	author="Collectif statisticbrain",
	year="Janvier",
	month="2014",
	title="Startup Business Failure Rate By Industry",
	howpublished= \url{http://www.statisticbrain.com/startup-failure-by-industry/}	
}
